@Book{RozhdestvenskiiJanenko:1983,
  author = 	 {Boris L. Rozhdestvenskii and N. N. Janenko},
  title = 	 {Systems of Quasilinear Equations and Their Application to Gas Dynamics},
  publisher = 	 {American Mathematical Society},
  year = 	 1983,
  translator =   {J.\ R.\ Schulenberger},
  volume = 	 55,
  series = 	 {Translations of Mathematical Monographs}}

@Book{PolyaninSaitsevMoussiaux:2002,
  author = 	 {A. D. Polyanin and V. F. Zaitsev and A. Moussaiux},
  title = 	 {Handbook of First Order Partial Differential Equations},
  publisher = 	 {Taylor \& Francis},
  year = 	 2002,
  volume = 	 1,
  series = 	 {Differential and Integral Equations and Their Applications}}

@Book{Benzoni-GavageSerre:2007,
  author = 	 {Sylvie Benzoni-Gavage and Denis Serre},
  title = 	 {Multi-dimensional Hyperbolic Partial Differential Equations: {First}-order systems and {Applications}},
  publisher = 	 {Oxford Univ.\ Press},
  year = 	 2007,
  series = 	 {Oxford Mathematical Monographs}}


