
@Article{Ramsey:1994,
  author = 	 {Norman S. Ramsey},
  title = 	 {Literate Programming Simplified},
  journal = 	 {IEEE Software},
  year = 	 1994,
  volume = 	 11,
  number = 	 5,
  pages = 	 {97-105}}

@Article{JohnsonJohnson:1997,
  author = 	 {Andrew L. Johnson and Brad C. Johnson},
  title = 	 {Literate Programming using Noweb},
  journal = 	 {Linux Journal},
  year = 	 1997,
  volume = 	 42}

@Manual{NumPy:2015,
  title = 	 {NumPy Reference},
  month = 	 {October},
  year = 	 2015,
  note =         {Version 1.10},
  url = 	 {http://docs.scipy.org/doc/numpy/reference/}
}

@Manual{Python:2016,
  title = 	 {The Python Language Reference},
  organization = {Python Software Foundation},
  month = 	 {Jan.},
  year = 	 2016,
  note = 	 {Version 3.5.1},
  url = 	 {https://docs.python.org/3.5/reference/index.html}
}

@Manual{PythonStandardLibrary:2016,
  title = 	 {The Python Standard Library},
  organization = {Python Software Foundation},
  month = 	 {Jan.},
  year = 	 2016,
  note = 	 {Version 3.5.1},
  url = 	 {https://docs.python.org/3.5/library/index.html}
}

@Manual{PEP0008:2016,
  title = 	 {PEP 0008: {Style} guide for {Python} code},
  organization = {Python Software Foundations},
  month = 	 {Jan.},
  year = 	 2016,
  url = 	 {https://www.python.org/dev/peps/pep-0008},
}



